@misc{visrure:rnf,
       author = "Visure",
       title = "Requisitos no funcionales: tipos, ejemplos y enfoques",
       year = "2024",
       howpublished = {\url{https://visuresolutions.com/es/requirements-management-traceability-guide/non-functional-requirements/}},
       note = "[Internet; descargado 23-mayo-2024]"
}
@misc{minitool:vida-util,
       author = "Anna",
       title = "¿Cuánto tiempo dura un ordenador portátil?",
       year = "2023",
       howpublished = {\url{https://www.minitool.com/es/respaldar-datos/cuanto-dura-un-ordenador-portatil.html}},
       note = "[Internet; descargado 28-mayo-2024]"
}
@misc{ss:cotiz,
       author = "Seguridad Social",
       title = "Bases y Tipos de cotización 2024",
       year = "2024",
       howpublished = {\url{https://www.seg-social.es/wps/portal/wss/internet/Trabajadores/CotizacionRecaudacionTrabajadores/36537}},
       note = "[Internet; descargado 28-mayo-2024]"
}
@misc{ia:irpf,
       author = "infoautónomos",
       title = "Las retenciones del IRPF de los profesionales autónomos",
       year = "2024",
       howpublished = {\url{https://www.infoautonomos.com/fiscalidad/retenciones-irpf-profesionales-autonomos/}},
       note = "[Internet; descargado 28-mayo-2024]"
}
@misc{wiki:jit,
       author = "Wikipedia",
       title = "Just-in-time compilation",
       year = "2024",
       howpublished = {\url{https://en.wikipedia.org/wiki/Just-in-time_compilation}},
       note = "[Internet; descargado 28-mayo-2024]"
}