@misc{ wiki:relational_db,
       author = "Wikipedia",
       title = "Relational database",
       year = "2024",
       howpublished = {\url{https://en.wikipedia.org/wiki/Relational_database}},
       note = "[Internet; descargado 7-abril-2024]"
}
@misc{ wiki:relational_model,
       author = "Wikipedia",
       title = "Relational model",
       year = "2024",
       howpublished = {\url{https://en.wikipedia.org/wiki/Relational_model}},
       note = "[Internet; descargado 7-abril-2024]"
}
@book{des-bd,
    author = "Iglesias, Ana María; Cuadra, Dolores; Castro, Elena",
    title = "Desarrollo de bases de datos",
    publisher = "RA-MA Editorial",
    year = "2014"
}
@misc{ lc:erd,
       author = "Lucidchart",
       title = "What is an Entity Relationship Diagram (ERD)",
       year = "2024",
       howpublished = {\url{https://www.lucidchart.com/pages/er-diagrams}},
       note = "[Internet; descargado 14-mayo-2024]"
}
@misc{vp:erd,
       author = "Visual Paradigm",
       title = "What is an Entity Relationship Diagram (ERD)",
       year = "2024",
       howpublished = {\url{https://www.visual-paradigm.com/guide/data-modeling/what-is-entity-relationship-diagram/}},
       note = "[Internet; descargado 14-mayo-2024]"
}
@misc{vert:crowsfoot,
       author = "Dybka, Patricia",
       title = "Crow's Foot Notation",
       year = "2016",
       howpublished = {\url{https://vertabelo.com/blog/crow-s-foot-notation/}},
       note = "[Internet; descargado 16-mayo-2024]"
}
@article{ge-bdsm,
    author = "Gordon C. Everest",
    title = "Basic Data Structure Models Explained With A Common Example",
    journal = "IEEE Computer Society",
    year = "1976",
    howpublished = {\url{https://drive.google.com/file/d/0B0dG_Ipz3AQvdGpDRkpGS2RCcHc/view?pli=1&resourcekey=0-Q6C1pyQN1ympfwbJCGqZrw}}
}
@misc{pa:scrum,
       author = "Proyectos Ágile",
       title = "Qué es SCRUM",
       year = "2024",
       howpublished = {\url{https://proyectosagiles.org/que-es-scrum/}},
       note = "[Internet; descargado 20-mayo-2024]"
}
@misc{wiki:git,
       author = "Wikipedia",
       title = "Git",
       year = "2024",
       howpublished = {\url{https://es.wikipedia.org/wiki/Git}},
       note = "[Internet; descargado 20-mayo-2024]"
}
@misc{wiki:github,
       author = "Wikipedia",
       title = "GitHub",
       year = "2024",
       howpublished = {\url{https://es.wikipedia.org/wiki/GitHub}},
       note = "[Internet; descargado 20-mayo-2024]"
}
@misc{platzi:sonarcloud,
       author = "Juanjo",
       title = "Qué es SonarCloud y cómo mejora la calidad de tu código",
       year = "2022",
       howpublished = {\url{https://platzi.com/blog/sonarcloud-mejora-codigo-sast/}},
       note = "[Internet; descargado 20-mayo-2024]"
}
@misc{mxg-api,
       author = "mxGraph",
       title = "API Specification",
       year = "2024",
       howpublished = {\url{https://jgraph.github.io/mxgraph/docs/js-api/files/index-txt.html}},
       note = "[Internet; descargado 22-mayo-2024]"
}
@misc{atla:gitflow,
       author = "Atlassian",
       title = "Flujo de trabajo Gitflow",
       year = "2024",
       howpublished = {\url{https://www.atlassian.com/es/git/tutorials/comparing-workflows/gitflow-workflow}},
       note = "[Internet; descargado 25-mayo-2024]"
}
@misc{vert:cardin,
       author = "Dybka, Patricia",
       title = "Crow's Foot Notation in Vertabelo",
       year = "2024",
       howpublished = {\url{https://vertabelo.com/blog/crow-s-foot-notation-in-vertabelo/}},
       note = "[Internet; descargado 25-mayo-2024]"
}